@article{zellers2019defending,
  title={Defending against neural fake news},
  author={Zellers, Rowan and Holtzman, Ari and Rashkin, Hannah and Bisk, Yonatan and Farhadi, Ali and Roesner, Franziska and Choi, Yejin},
  journal={Advances in neural information processing systems},
  volume={32},
  year={2019}
}

@article{schuster2020limitations,
  title={The limitations of stylometry for detecting machine-generated fake news},
  author={Schuster, Tal and Schuster, Roei and Shah, Darsh J and Barzilay, Regina},
  journal={Computational Linguistics},
  volume={46},
  number={2},
  pages={499--510},
  year={2020},
  publisher={MIT Press One Rogers Street, Cambridge, MA 02142-1209, USA journals-info~…}
}

@article{wang2017liar,
  title={" liar, liar pants on fire": A new benchmark dataset for fake news detection},
  author={Wang, William Yang},
  journal={arXiv preprint arXiv:1705.00648},
  year={2017}
}

 @misc{lecompte_2015, 
    title={Automation in the Newsroom}, url={https://niemanreports.org/articles/automation-in-the-newsroom/}, 
    journal={Nieman Reports}, 
    author={LeCompte,Celeste}, 
    year={2015}, 
    month={Sep}
} 

@article{stray2019making,
  title={Making artificial intelligence work for investigative journalism},
  author={Stray, Jonathan},
  journal={Digital Journalism},
  volume={7},
  number={8},
  pages={1076--1097},
  year={2019},
  publisher={Taylor \& Francis}
}

@article{floridi2020gpt,
  title={GPT-3: Its nature, scope, limits, and consequences},
  author={Floridi, Luciano and Chiriatti, Massimo},
  journal={Minds and Machines},
  volume={30},
  number={4},
  pages={681--694},
  year={2020},
  publisher={Springer}
}

@software{gpt-neo,
  author       = {Black, Sid and
                  Leo, Gao and
                  Wang, Phil and
                  Leahy, Connor and
                  Biderman, Stella},
  title        = {{GPT-Neo: Large Scale Autoregressive Language 
                   Modeling with Mesh-Tensorflow}},
  month        = mar,
  year         = 2021,
  publisher    = {Zenodo},
  version      = {1.0},
  doi          = {10.5281/zenodo.5297715},
  url          = {https://doi.org/10.5281/zenodo.5297715}
}

@article{gao2020pile,
  title={The Pile: An 800GB Dataset of Diverse Text for Language Modeling},
  author={Gao, Leo and Biderman, Stella and Black, Sid and Golding, Laurence and Hoppe, Travis and Foster, Charles and Phang, Jason and He, Horace and Thite, Anish and Nabeshima, Noa and others},
  journal={arXiv preprint arXiv:2101.00027},
  year={2020}
}

@book{baayen2001word,
  title={Word frequency distributions},
  author={Baayen, R Harald},
  volume={18},
  year={2001},
  publisher={Springer Science \& Business Media}
}

@article{piantadosi2014zipf,
  title={Zipf’s word frequency law in natural language: A critical review and future directions},
  author={Piantadosi, Steven T},
  journal={Psychonomic bulletin \& review},
  volume={21},
  number={5},
  pages={1112--1130},
  year={2014},
  publisher={Springer}
}

@article{mahyoob2020linguistic,
  title={Linguistic-based detection of fake news in social media},
  author={Mahyoob, Mohammad and Al-Garaady, Jeehaan and Alrahaili, Musaad},
  journal={International Journal of English Linguistics},
  volume={11},
  number={1},
  year={2020}
}